
@book{cite:Filippov,
    author  = "А. Ф. Филиппов",
    title   = "Сборник задач по дифференциальным уравнениям",
    year    = "2000",
    place="Ижевск",
    publisher="НИЦ «Регулярная и хаотическая динамика»",
    pages   = "176"
}

@book{cite:Amosov,
    author  = "Амосов А. А. , Дубинский Ю. А. , Копченова Н. В. ",
    title   = "Вычислительные методы для инженеров: Учебное пособие",
    year    = "1994",
    place="М.",
    publisher="Высш. шк.",
    pages   = "554"
}


@book{cite:Pakulina,
    author  = "А. Н. Пакулина",
    title   = "Вычислительный практикум по методам вычислений: Учебное пособие",
    year    = "2016",
    place="Санкт-Петербург",
    publisher="Механико-математический факультет СПбГУ",
    pages   = "218"
}

@book{cite:Stepanov,
    author  = "Степанов В.В.",
    title   = "Курс диффференциальных уравнений",
    year    = "1950",
    place="М.",
    publisher="Гос. изд. технико-теоретической лит.",
    pages   = "473"
}

@Electronic{cite:Coursera_about,
  title = {Coursera | Online Courses \& Credentials by Top Educators [Электронный ресурс]},
  url   = {https://www.coursera.org/},
  annote = {дата обращения: 30.09.2018}
}

@Electronic{cite:Coursera_course,
  title = {Introduction to Ordinary Differential equations | Coursera [Электронный ресурс]},
  url   = {https://www.coursera.org/learn/ordinary-differential-equations},
  annote = {дата обращения: 30.09.2018}
}

@Electronic{cite:Udemy_about,
  title = {Learn About Udemy culture, mission, and careers | About Us [Электронный ресурс]},
  url   = {https://about.udemy.com/},
  annote = {дата обращения: 30.09.2018}
}

@Electronic{cite:Intuit_about,
  title = { НОУ ИНТУИТ | О проекте [Электронный ресурс]},
  url   = {https://www.intuit.ru/content/about-project},
  annote = {дата обращения: 30.09.2018}
}

@Electronic{cite:Stepik_about,
  title = {O нас -- Stepik [Электронный ресурс]},
  url   = {https://welcome.stepik.org},
  annote = {дата обращения: 30.09.2018}
}
